<?xml version="1.0" encoding="UTF-8"?><collection xmlns="http://www.loc.gov/MARC21/slim"><record><leader>00413nam--2200169-i-4500</leader><controlfield tag="001">000006408</controlfield><controlfield tag="002">20161230</controlfield><controlfield tag="005">20161230201026</controlfield><controlfield tag="008">060222s1000------------r-----000-0-eng-d</controlfield><datafield ind1=" " ind2=" " tag="040"><subfield code="a">IFIN-HH</subfield></datafield><datafield ind1=" " ind2=" " tag="080"><subfield code="a">534.321.9</subfield></datafield><datafield ind1="1" ind2=" " tag="100"><subfield code="a">Blitz, J</subfield></datafield><datafield ind1="1" ind2="0" tag="245"><subfield code="a">Fundamentaks of ultrasonics</subfield><subfield code="c">J. blitz</subfield></datafield><datafield ind1=" " ind2=" " tag="260"><subfield code="a">London, Butterworths, 1963</subfield></datafield><datafield ind1=" " ind2=" " tag="300"><subfield code="a">IX + 214 P</subfield></datafield><datafield ind1=" " ind2=" " tag="852"><subfield code="a">19021</subfield><subfield code="c">534</subfield></datafield><datafield ind1=" " ind2=" " tag="CAT"><subfield code="a">Sys</subfield><subfield code="c">20101007</subfield><subfield code="h">101639</subfield></datafield></record></collection>